@BOOK{Diggle2002-tt,
  title     = "Analysis of longitudinal data",
  author    = "Diggle, Peter and Heagerty, Patrick and Liang, Kung-Yee and
               Zeger, Scott",
  publisher = "Oxford University Press",
  year      =  2002
}


@ARTICLE{Verbeke2014-cs,
  title       = "The analysis of multivariate longitudinal data: a review",
  author      = "Verbeke, Geert and Fieuws, Steffen and Molenberghs, Geert and
                 Davidian, Marie",
  affiliation = "1Interuniversity Institute for Biostatistics and Statistical
                 Bioinformatics, Katholieke Universiteit Leuven, B-3000 Leuven,
                 Belgium.",
  journal     = "Statistical methods in medical research",
  volume      =  23,
  number      =  1,
  pages       = "42--59",
  month       =  feb,
  year        =  2014,
  keywords    = "Mixed models; conditional models; latent variables; marginal
                 models; random effects; shared parameters"
}

@ARTICLE{Fieuws2007-qo,
  title       = "Random-effects models for multivariate repeated measures",
  author      = "Fieuws, S and Verbeke, Geert and Molenberghs, G",
  affiliation = "Biostatistical Centre, Katholieke Universiteit Leuven, Leuven,
                 Belgium.",
  journal     = "Statistical methods in medical research",
  publisher   = "smm.sagepub.com",
  volume      =  16,
  number      =  5,
  pages       = "387--397",
  month       =  oct,
  year        =  2007
}


@ARTICLE{Putter2008-gx,
  title       = "Joint analysis of multiple longitudinal outcomes: application
                 of a latent class model",
  author      = "Putter, Hein and Vos, Tineke and de Haes, Hanneke and van
                 Houwelingen, Hans",
  affiliation = "Department of Medical Statistics and Bioinformatics, Leiden
                 University Medical Center, RC, Leiden, The Netherlands.
                 h.putter@lumc.nl",
  journal     = "Statistics in medicine",
  volume      =  27,
  number      =  29,
  pages       = "6228--6249",
  month       =  "20~" # dec,
  year        =  2008
}


@INPROCEEDINGS{Schulam2015-ah,
  title     = "Clustering Longitudinal Clinical Marker Trajectories from
               Electronic Health Data: Applications to Phenotyping and Endotype
               Discovery",
  booktitle = "{Twenty-Ninth} {AAAI} Conference on Artificial Intelligence",
  author    = "Schulam, Peter and Wigley, Fredrick and Saria, Suchi",
  publisher = "people.ee.duke.edu",
  year      =  2015
}


@ARTICLE{Yang2012-vg,
  title         = "Bayesian inference on dependence in multivariate
                   longitudinal data",
  author        = "Yang, Hongxia and Li, Fan and Schisterman, Enrique F and
                   Mumford, Sunni L and Dunson, David",
  month         =  "14~" # aug,
  year          =  2012,
  archivePrefix = "arXiv",
  primaryClass  = "stat.AP",
  eprint        = "1208.2977"
}

